@misc{qute,
  title = {qute.sk},
  howpublished = {\url{https://www.qute.sk/qute-sk-welcomed-renowned-physicist-prof-dr-dieter-meschede-to-slovakia/}},
  note = {Letzter Zugriff: 2025-04-10}
}

@misc{brit,
  title = {britannica},
  howpublished = {\url{https://www.britannica.com/biography/Serge-Haroche}},
  note = {Letzter Zugriff: 2025-04-11}
}

@misc{lect,
  title = {Nobel Lecture: Controlling Photons in a Box and Exploring the Quantum to Classical Boundary},
  author ={Serge Haroche},
  note = {Letzter Zugriff: 2025-04-10}
}

@misc{qi,
  title = {Modular variable in quantum information},
  author ={Andreas Ketterer},
  note = {Letzter Zugriff: 2025-04-14}
}
